<record><leader>00000cas a2200000 a 4500</leader><controlfield tag="001">12049092</controlfield><controlfield tag="008">850517d19471996mduwr ne      0    0eng c</controlfield><datafield ind1=" " ind2=" " tag="010"><subfield code="a">sn 85047583 </subfield></datafield><datafield ind1=" " ind2=" " tag="040"><subfield code="a">NPI</subfield><subfield code="b">eng</subfield><subfield code="c">NPI</subfield><subfield code="d">OCL</subfield><subfield code="d">DLC</subfield><subfield code="d">NST</subfield><subfield code="d">NYS</subfield><subfield code="d">NVK</subfield><subfield code="d">CRL</subfield><subfield code="d">MYG</subfield><subfield code="d">NVF</subfield><subfield code="d">DLC</subfield><subfield code="d">OBN</subfield><subfield code="d">CVF</subfield><subfield code="d">OCL</subfield><subfield code="d">IUL</subfield><subfield code="d">DLC</subfield><subfield code="d">CUI</subfield><subfield code="d">OCLCQ</subfield><subfield code="d">OCLCF</subfield><subfield code="d">OCLCO</subfield><subfield code="d">CRL</subfield><subfield code="d">OCLCO</subfield></datafield><datafield ind1=" " ind2=" " tag="012"><subfield code="b">3</subfield><subfield code="i">8810</subfield></datafield><datafield ind1=" " ind2=" " tag="019"><subfield code="a">12129149</subfield></datafield><datafield ind1="1" ind2=" " tag="029"><subfield code="a">AU@</subfield><subfield code="b">000020380301</subfield></datafield><datafield ind1=" " ind2=" " tag="042"><subfield code="a">pcc</subfield></datafield><datafield ind1=" " ind2=" " tag="043"><subfield code="a">n-us-md</subfield></datafield><datafield ind1="0" ind2="0" tag="050"><subfield code="a">Newspaper</subfield></datafield><datafield ind1=" " ind2="4" tag="050"><subfield code="a">AN41.16</subfield><subfield code="b">.A33</subfield></datafield><datafield ind1="0" ind2=" " tag="130"><subfield code="a">Afro-American (Baltimore, Md. : National ed.)</subfield></datafield><datafield ind1="1" ind2="4" tag="245"><subfield code="a">The Afro-American.</subfield></datafield><datafield ind1="3" ind2=" " tag="246"><subfield code="a">Afro-American (Carolina-National-Philadelphia ed.)</subfield></datafield><datafield ind1="3" ind2=" " tag="246"><subfield code="a">Afro-American (Carolina/National ed.)</subfield></datafield><datafield ind1="3" ind2=" " tag="246"><subfield code="a">Afro-American (National/Philadelphia ed.)</subfield></datafield><datafield ind1="3" ind2=" " tag="246"><subfield code="a">Afro-American (National/Philadelphia/North Carolina ed.)</subfield></datafield><datafield ind1="3" ind2=" " tag="246"><subfield code="a">Afro-American (National/Philadelphia/North/South Carolina ed.)</subfield></datafield><datafield ind1=" " ind2=" " tag="250"><subfield code="a">National ed.</subfield></datafield><datafield ind1=" " ind2=" " tag="260"><subfield code="a">Baltimore, Md. :</subfield><subfield code="b">Afro-American Co.</subfield></datafield><datafield ind1=" " ind2=" " tag="300"><subfield code="a">volumes :</subfield><subfield code="b">illustrations</subfield></datafield><datafield ind1=" " ind2=" " tag="310"><subfield code="a">Weekly</subfield></datafield><datafield ind1="0" ind2=" " tag="362"><subfield code="a">55th year, no. 33 (Mar. 29, 1947)-</subfield></datafield><datafield ind1="1" ind2=" " tag="362"><subfield code="a">Ceased in Dec. 1996?</subfield></datafield><datafield ind1=" " ind2=" " tag="500"><subfield code="a">Includes Afro Magazine, &lt;1947&gt;-1973.</subfield></datafield><datafield ind1=" " ind2=" " tag="500"><subfield code="a">Published as: Afro-American (National/Philadelphia ed.), Mar. 15, May 3, July 26-Aug. 2, 1986.</subfield></datafield><datafield ind1=" " ind2=" " tag="500"><subfield code="a">Published as: Afro-American (Carolina-National-Philadelphia ed.), Mar. 22, 1986, May 10-July 19, 1986.</subfield></datafield><datafield ind1=" " ind2=" " tag="500"><subfield code="a">Published as: Afro-American (Carolina/National ed.), Mar. 29-Apr. 26, 1986.</subfield></datafield><datafield ind1=" " ind2=" " tag="500"><subfield code="a">Published as: Afro-American (National/Philadelphia/North Carolina ed.), Aug. 9-Dec. 20, 1986; Nov. 14, 1987-&lt;Feb. 6, 1988&gt;.</subfield></datafield><datafield ind1=" " ind2=" " tag="500"><subfield code="a">Published as: Afro-American (National/Philadelphia/North/South Carolina ed.), Dec. 25, 1986-Nov. 7, 1987.</subfield></datafield><datafield ind1=" " ind2=" " tag="580"><subfield code="a">Special Washington, D.C. eds.: Washington Afro American (Washington, D.C.), 1947-1964, and: Washington Afro-American and the Washington tribune (Washington, D.C. : Blue Star ed.), 1964-1984, and: Washington Afro-American and the Washington tribune (Washington, D.C. : Capital ed.), 1984-1996.</subfield></datafield><datafield ind1=" " ind2=" " tag="580"><subfield code="a">Philadelphia eds.: Philadelphia Afro-American, 1947-1965, and: Afro-American (Baltimore, Md. : 1965 : Philadelphia ed.), 1965-&lt;1985&gt;.</subfield></datafield><datafield ind1=" " ind2=" " tag="580"><subfield code="a">Washington, D.C. eds.: Washington Afro-American (Washington, D.C.: Red Star ed.), 1947-1964, and: Washington Afro-American and the Washington tribune (Washington, D.C. : Red Star ed.), 1964-1988, and: Afro-American (Washington, D.C. : 1988 : Red Star ed.), 1988.</subfield></datafield><datafield ind1=" " ind2=" " tag="588"><subfield code="a">Latest issue consulted: 96th year, no. 26 (February 6, 1988).</subfield></datafield><datafield ind1=" " ind2="0" tag="650"><subfield code="a">African Americans</subfield><subfield code="v">Newspapers.</subfield></datafield><datafield ind1=" " ind2="0" tag="651"><subfield code="a">Baltimore (Md.)</subfield><subfield code="v">Newspapers.</subfield></datafield><datafield ind1=" " ind2="0" tag="651"><subfield code="a">Baltimore County (Md.)</subfield><subfield code="v">Newspapers.</subfield></datafield><datafield ind1=" " ind2="7" tag="650"><subfield code="a">African Americans.</subfield><subfield code="2">fast</subfield><subfield code="0">(OCoLC)fst00799558</subfield></datafield><datafield ind1=" " ind2="7" tag="651"><subfield code="a">Maryland</subfield><subfield code="z">Baltimore.</subfield><subfield code="2">fast</subfield><subfield code="0">(OCoLC)fst01204292</subfield></datafield><datafield ind1=" " ind2="7" tag="651"><subfield code="a">Maryland</subfield><subfield code="z">Baltimore County.</subfield><subfield code="2">fast</subfield><subfield code="0">(OCoLC)fst01204502</subfield></datafield><datafield ind1=" " ind2="7" tag="655"><subfield code="a">Newspapers.</subfield><subfield code="2">fast</subfield><subfield code="0">(OCoLC)fst01423814</subfield></datafield><datafield ind1=" " ind2=" " tag="752"><subfield code="a">United States</subfield><subfield code="b">Maryland</subfield><subfield code="c">Baltimore City</subfield><subfield code="d">Baltimore.</subfield></datafield><datafield ind1="0" ind2=" " tag="770"><subfield code="t">Dawn Magazine</subfield><subfield code="w">(DLC)sn 86025935</subfield><subfield code="w">(OCoLC)4349604</subfield></datafield><datafield ind1="0" ind2=" " tag="775"><subfield code="t">Afro-American (Baltimore, Md. : 1915)</subfield><subfield code="w">(DLC)sn 83045829</subfield><subfield code="w">(OCoLC)7642696</subfield></datafield><datafield ind1="0" ind2=" " tag="775"><subfield code="t">Washington Afro-American (Washington, D.C. : Red Star ed.)</subfield><subfield code="w">(DLC)sn 84025928</subfield><subfield code="w">(OCoLC)2269349</subfield></datafield><datafield ind1="0" ind2=" " tag="775"><subfield code="t">Washington Afro American (Washington, D.C.)</subfield><subfield code="w">(DLC)sn 87062261</subfield><subfield code="w">(OCoLC)16156417</subfield></datafield><datafield ind1="0" ind2=" " tag="775"><subfield code="t">Washington Afro-American and the Washington tribune (Washington, D.C. : Blue Star ed.)</subfield><subfield code="w">(DLC)sn 87062260</subfield><subfield code="w">(OCoLC)16156425</subfield></datafield><datafield ind1="0" ind2=" " tag="775"><subfield code="t">Washington Afro-American and the Washington tribune (Washington, D.C. : Capital ed.)</subfield><subfield code="w">(DLC)sn 92003332</subfield><subfield code="w">(OCoLC)26136335</subfield></datafield><datafield ind1="0" ind2=" " tag="775"><subfield code="t">Afro-American (National-New England ed.)</subfield><subfield code="w">(DLC)sn 94059433</subfield><subfield code="w">(OCoLC)31426160</subfield></datafield><datafield ind1="0" ind2=" " tag="775"><subfield code="t">Philadelphia Afro-American</subfield><subfield code="w">(DLC)sn 83045816</subfield><subfield code="w">(OCoLC)9673741</subfield></datafield><datafield ind1="0" ind2=" " tag="775"><subfield code="t">Afro-American (Baltimore, Md. : 1965 : Philadelphia, ed.)</subfield><subfield code="w">(DLC)sn 84025927</subfield><subfield code="w">(OCoLC)1478470</subfield></datafield><datafield ind1="0" ind2=" " tag="775"><subfield code="t">Richmond Afro-American and Richmond planet (Richmond, Va : 1941)</subfield><subfield code="w">(DLC)sn 84025923</subfield><subfield code="w">(OCoLC)10702414</subfield></datafield><datafield ind1="0" ind2=" " tag="775"><subfield code="t">New Jersey Afro American</subfield><subfield code="w">(DLC)sn 84025926</subfield><subfield code="w">(OCoLC)2264866</subfield></datafield><datafield ind1="0" ind2="8" tag="776"><subfield code="t">Afro-American (Baltimore, Md. : National ed. : Online)</subfield><subfield code="w">(OCoLC)725401633</subfield></datafield><datafield ind1=" " ind2=" " tag="850"><subfield code="a">InLP</subfield></datafield></record>